@online{transcendental,
    author = "Mathworld",
    title = "Transcendental Number",
    url = "http://mathworld.wolfram.com/TranscendentalNumber.html"
}

@online{gelfondsconstant,
    author = "Mathworld",
    title = "Gelfond's Constant",
    url = "http://mathworld.wolfram.com/GelfondsConstant.html"
}

@online{hilbertsproblems,
    author = "Mathworld",
    title = "Hilbert's Problems",
    url = "http://mathworld.wolfram.com/HilbertsProblems.html"
}

@article{nball,
  author =       "Wang, Xianfu",
  title =        "Volumes of Generalized Unit Balls",
  journal =      "Mathematics Magazine",
  volume =       "8",
  number =       "5",
  pages =        "390--395",
  year =         2005,
  keywords =     "physics"
}